<?xml version="1.0" encoding="UTF-8"?><collection xmlns="http://www.loc.gov/MARC21/slim"><record><leader>00588nam--2200193-i-4500</leader><controlfield tag="001">000047303</controlfield><controlfield tag="002">20161230</controlfield><controlfield tag="005">20161230201046</controlfield><controlfield tag="008">060222s1000------------r-----000-0-ger-d</controlfield><datafield ind1=" " ind2=" " tag="040"><subfield code="a">IFIN-HH</subfield></datafield><datafield ind1=" " ind2=" " tag="041"><subfield code="a">ger</subfield></datafield><datafield ind1=" " ind2=" " tag="080"><subfield code="a">519.654</subfield></datafield><datafield ind1="1" ind2=" " tag="100"><subfield code="a">Weitbrecht, Wilh</subfield></datafield><datafield ind1="1" ind2="0" tag="245"><subfield code="a">Ausgeichungrechnung nach der methode der kleinsten quadrate</subfield><subfield code="b">Teil 1: ableitung der grundlagenden satze und formeln</subfield><subfield code="c">Wilh. weitbrecht</subfield></datafield><datafield ind1=" " ind2=" " tag="260"><subfield code="a">Berlin</subfield><subfield code="b">Vereinigung Wissenschaftlicher Verleger</subfield><subfield code="c">1919</subfield></datafield><datafield ind1=" " ind2=" " tag="300"><subfield code="a">127P</subfield></datafield><datafield ind1=" " ind2=" " tag="490"><subfield code="a">Sammlung Gaschen</subfield></datafield><datafield ind1=" " ind2=" " tag="852"><subfield code="a">44469</subfield><subfield code="c">H.H</subfield></datafield><datafield ind1=" " ind2=" " tag="CAT"><subfield code="a">Sys</subfield><subfield code="c">20130409</subfield><subfield code="h">102454</subfield></datafield></record></collection>